<?xml version="1.0" encoding="UTF-8"?><collection xmlns="http://www.loc.gov/MARC21/slim"><record><leader>00555nam--2200181-i-4500</leader><controlfield tag="001">000041809</controlfield><controlfield tag="002">20161230</controlfield><controlfield tag="005">20161230201043</controlfield><controlfield tag="008">060222s1000------------r-----000-0-eng-d</controlfield><datafield ind1=" " ind2=" " tag="041"><subfield code="a">IFIN-HH</subfield></datafield><datafield ind1=" " ind2=" " tag="080"><subfield code="a">539.126</subfield></datafield><datafield ind1="1" ind2=" " tag="100"><subfield code="a">Schwesinger, B</subfield></datafield><datafield ind1="1" ind2="0" tag="245"><subfield code="a">The skyrme soliton in pion, vector and scalar meson fields: pin-scattering and photoproduction</subfield><subfield code="c">B. schwesinger, h. weigel, g. holzwarth, a. hayashi</subfield></datafield><datafield ind1=" " ind2=" " tag="260"><subfield code="a">Siegen, Rfg</subfield><subfield code="b">University</subfield><subfield code="c">1987</subfield></datafield><datafield ind1=" " ind2=" " tag="300"><subfield code="a">147 P</subfield></datafield><datafield ind1="1" ind2=" " tag="700"><subfield code="a">Hayashi, A</subfield></datafield><datafield ind1=" " ind2=" " tag="852"><subfield code="a">74357</subfield><subfield code="c">539.12</subfield></datafield><datafield ind1=" " ind2=" " tag="CAT"><subfield code="a">Sys</subfield><subfield code="c">20120113</subfield><subfield code="h">135632</subfield></datafield></record></collection>